10400000         2083007130001820000000000000000000001756679004200000000SCC - SISTEMA DE CONSULTA DE CCAIXA ECONOMICA FEDERAL                 10305201700000000000105000000                    REMESSA TESTE                                    
10400011R0100030 20083007130001827900420000000000000001756679004200000000SCC - SISTEMA DE CONSULTA DE C                                                                                000000012017050300000000                                 
1040001300001P 010175660000000000000000000000008000452455112000000301127     2004201700000000000785800000099N030420173000000000000000000000000000000000000000000000000000000000000000000000000000008000452455               30000  090000000000 
1040001300002Q 012001851420000225Beux Peças e Motores Ltda               Rua Nascimento Silva 107                Jardim do Eden 12345678Cidade         UF0000000000000000Sacado-Avalis                                                          
10400015         000000000001000000000000001000000000000000000000000000000000000000000000000                                                                                                                                                    
10499999         000001000000                                                                                                                                                                                                                   
